% Encoding UTF-8

@misc{gd21jh,
  author = {{ZEIT ONLINE GmbH}},
  title  = {{Das Gold des 21. Jahrhunderts}},
  year   = {2018},
  month  = {StandFebruar.},
  howpublished = {url{httpwww.zeit.deangebotezukunftsfaktor-technologiegold-21-jahrhundert}},
}

@misc{kwrank,
  author = {{Statista GmbH}},
  title  = {{Die Top 10 der Kryptow{a}hrungen}},
  year   = {2018},
  month  = {StandFebruar.},
  howpublished = {url{httpsde.statista.cominfografik1939marktkapitalisierung-von-kryptowaehrungen}},
}

@manual{Wood-2017,
author = {Gavin Wood},
title = {Ethereum A  secure decentralised generalised transaction ledger},
year = {2017},
OPTnote = {Ethereum Yellow Paper}
}


@manual{EthWP-2017,
author = {Ethereum White Paper},
title = {Ethereum White Paper},
year = {2017},
url = {httpsgithub.comethereumwikiwikiWhite-Paper},
OPTsubtitle = {A Next-Generation Smart Contract and Decentralized Application Platform},
}


@manual{soliditydoc,
author = {Ethereum},
title = {Solidity Documentation},
year = {2017},
url = {httpssolidity.readthedocs.io},
}

@book{Dannen-2017,
author = {Dannen, Chris},
title = {Introducing Ethereum and Solidity Foundations of Cryptocurrency and Blockchain Programming for Beginners},
year = {2017},
isbn = {1484225341, 9781484225349},
edition = {1st},
publisher = {Apress},
address = {Berkely, CA, USA},
}

@online{etherscan,
author = {Etherscan},
title = {The Ethereum Block Explorer},
year = {2018},
url = {httpsetherscan.io}
}

@Misc{wiwo1,
  author = {Wiwo},
  title  = {httpswww.wiwo.deadvcapgeminibitcoin-technologie-unternehmen-gehen-auf-tuchfuehlung-mit-blockchain19815578.html},
  year   = {zuletzt besucht am 21.02.2018},
}

@Misc{faizod1,
  author = {Faizod},
  title  = {httpsfaizod.comstudie-zum-thema-blockchain},
  year   = {zuletzt besucht am 20.02.2018},
}

@Article{Stelzer2002,
  author  = {Dirk Stelzer},
  title   = {Risikoanalysen als Hilfsmittel zur Entwicklung von Sicherheitskonzepten in der Informationsverarbeitung},
  journal = {ITSicherheitsmanagement in Banken.},
  year    = {2002},
}

@Misc{wiwo2,
  author = {Wiwo},
  title  = {httpblog.wiwo.delook-at-it201711168-von-10-unternehmen-kennen-blockchain-aber-nur-7-prozent-halten-technologie-fuer-marktreif},
  year   = {zuletzt besucht am 04.03.2018},
}

@Misc{Kaulartz,
  author = {Markus Kaulartz},
  title  = {httpscausa.tagesspiegel.dewirtschaftwie-weiter-mit-den-bitcoinsein-bisschen-regulierung-reicht-schon.html},
  year   = {zuletzt besucht am 04.03.218},
}

@Comment{jabref-meta databaseTypebibtex;}

@Article{Block,
author = {Konstantinos Christidis and Michael Devetsikiotis},
title = {Blockchains and Smart Contracts for the Internet of Things},
journal = {IEEE},
year = {2016},
}

@article{FIT,
author = {Vincent Schlatt and André Schweizer and Nils Urbach and Gilbert Fridgen},
title = {Blockchain Grundlagen, Anwendungen und Potenziale},
journal = {Projektgruppe Wirtschaftsinformatik des Fraunhofer-Instituts f{u}r Angewandte Informationstechnik FIT},
year = {2016},
}

@online{bafin,
author = {Bundesanstalt Finanzdienstleistungsaufsicht},
title = {Blockchain-Technologie},
year = {2017},
url = {www.bafin.de},
OPTdate = {22.02.2018},
}

@book{stallings,
 author = {Stallings, William},
 title = {Network Security Essentials Applications and Standards},
 year = {2010},
 publisher = {Prentice Hall Press},
} 

@book{franco,
author = {Franco, Pedro},
title = {Understanding Bitcoin Cryptography, Engineering, and Economics},
year = {2014},
publisher = {John Wiley and Sons, Ltd},
}

@MISC{badev,
author = {Anton Badev and Matthew Chen},
title = {Bitcoin Technical Background and Data Analysis},
year = {2014}
}

@online{BC-Wiki,
author = {Bitcoin-Wiki},
title = {Bitcoin-Wiki},
year = {2010},
url = {en.bitcoin.it/wiki/},
OPTorganization = {Bitcoin},
OPTdate = {28.02.2018},
}

@Book{BITB,
author = {Vincenzo Morabito},
title = {Business Innovation Through Blockchain},
publisher = {Springer Verlag},
year = {2017},
}

@online{kcur,
author = {Annalee McWilliams},
title = {Bitcoin, Ethereum und Co. Kryptow{a}hrungen einfach erkl{a}rt},
year = {2017},
url = {www.ariva.de},
OPTdate = {28.02.2018},
}

@online{BC,
author = {Satoshi Nakamoto},
title = {Bitcoin A Peer-to-Peer Electronic Cash System},
year = {2008},
url = {bitcoin.org},
OPTdate = {28.02.2018},
}

@online{BCS,
author = {blockchain.info},
title = {Bitcoin Blockchain Size},
year = {2018},
url = {blockchain.info/de/charts/blocks-size},
OPTdate = {28.02.2018},
}

@online{PoW,
author = {Bitcoin-Wiki},
title = {Proof-of-Work},
year = {2016},
url = {en.bitcoin.it/wiki/Proof_of_work},
OPTdate = {01.03.2018},
}

@online{CC,
author = {Chjango Unchained},
title = {Consensus Compare Tendermint BFT vs. EOS dPoS},
year = {2017},
url = {blog.cosmos.network/consensus-compare-tendermint-bft-vs-eos-dpos-46c5bca7204b},
OPTdate = {01.03.2018}
}

@online{ETHW,
author = {Vitalik Buterin},
title = {A Next-Generation Smart Contract and Decentralized Application Platform},
year = {2013},
url = {github.com/ethereum/wiki/wiki/White-Paper},
OPTdate = {01.03.2018}
}

@online{ETHY,
author = {Gavin Wood},
year = {2014},
title = {ETHEREUM A SECURE DECENTRALISED GENERALISED TRANSACTION LEDGER},
url = {gavwood.com},
OPTdate = {01.03.2018}
}

@online{ETHT,
author = {Stephan Tual},
title = {Ethereum Launches},
year = {2015},
url = {blog.ethereum.org/2015/07/30/ethereum-launches/},
OPTdate = {01.03.2018}
}

@online{ETHE,
author = {Ethereumkaufen},
title = {Ethereum Zukunft Der Ethereum Fahrplan},
year = {2017},
url = {ethereum-kaufen.de/ethereum-zukunft-der-ethereum-fahrplan/#Ethereum_Zukunft_Serenity},
OPTdate = {01.03.2018}
}

@online{star,
author = {Wiki Commens},
title = {Network Topology Star},
year = {2006},
url = {commons.wikimedia.org/wiki/File:NetworkTopology-Star.png},
OPTdate = {01.03.2018}
}

@online{mesh,
author = {Wiki Commens},
title = {Network Topology Mesh},
year = {2006},
url = {commons.wikimedia.org/wiki/File:NetworkTopology-Mesh.png},
OPTdate = {01.03.2018}
}

@online{kh,
author = {Elektronikkompendium},
title = {Kryptografische Hash-Funktionen},
year = {2018},
url = {www.elektronik-kompendium.de/sites/net/1909041.htm},
OPTdate = {07.03.2018}
}

@online{shamd,
author = {Elektronikkompendium},
title = {SHA und MD},
year = {2018},
url = {www.elektronik-kompendium.de/sites/net/1910161.htm},
OPTdate = {07.03.2018}
}

@online{priv,
author = {Bent Richter},
title = {WAS IST EIN PRIVATER SCHLÜSSEL?},
year = {2017},
url = {www.kryptologen.de/2017/07/24/was-ist-ein-privater-schluessel/},
OPTdate = {15.03.2018}
}

@online{RSADH,
author = {Elektronikkompendium},
title = {Asymmetrische Kryptografie},
year = {2018},
url = {www.elektronik-kompendium.de/sites/net/1910111.htm},
OPTdate = {15.03.2018}
}

@online{ERC20,
author = {Ethereum-Wiki},
title = {ERC20 Token Standard},
year = {2018},
url = {theethereum.wiki/w/index.php/ERC20_Token_Standard},
OPTdate = {15.03.2018}
}

@Misc{wiwo1,
  author = {Wiwo},
  title  = {httpswww.wiwo.deadvcapgeminibitcoin-technologie-unternehmen-gehen-auf-tuchfuehlung-mit-blockchain19815578.html},
  year   = {zuletzt besucht am 21.02.2018},
}

@Misc{faizod1,
  author = {Faizod},
  title  = {httpsfaizod.comstudie-zum-thema-blockchain},
  year   = {zuletzt besucht am 20.02.2018},
}

@Article{Stelzer2002,
  author  = {Dirk Stelzer},
  title   = {Risikoanalysen als Hilfsmittel zur Entwicklung von Sicherheitskonzepten in der Informationsverarbeitung},
  journal = {ITSicherheitsmanagement in Banken.},
  year    = {2002},
}

@Misc{wiwo2,
  author = {Wiwo},
  title  = {httpblog.wiwo.delook-at-it201711168-von-10-unternehmen-kennen-blockchain-aber-nur-7-prozent-halten-technologie-fuer-marktreif},
  year   = {zuletzt besucht am 04.03.2018},
}

@Misc{Kaulartz,
  author = {Markus Kaulartz},
  title  = {httpscausa.tagesspiegel.dewirtschaftwie-weiter-mit-den-bitcoinsein-bisschen-regulierung-reicht-schon.html},
  year   = {zuletzt besucht am 04.03.218},
}

@Book{Glaeser2010,
  title     = {Experteninterviews und qualitative Inhaltsanalyse},
  publisher = {Springer},
  year      = {2010},
  author    = {Jochen Gl{a}ser},
}

@book{Nielsen1999DWU519216,
 author = {Nielsen, Jakob},
 title = {Designing Web Usability The Practice of Simplicity},
 year = {1999},
 isbn = {156205810X},
 publisher = {New Riders Publishing},
 address = {Thousand Oaks, CA, USA},
} 


© 2018 GitHub, Inc.
Terms
Privacy
Security
Status
Help
Contact GitHub
API
Training
Shop
Blog
About
